<?xml version="1.0" encoding="UTF-8"?><collection xmlns="http://www.loc.gov/MARC21/slim"><record><leader>00360nam--2200157-i-4500</leader><controlfield tag="001">000020980</controlfield><controlfield tag="002">20161230</controlfield><controlfield tag="005">20170125171238</controlfield><controlfield tag="008">060222s1000------------r-----000-0-eng-d</controlfield><datafield ind1=" " ind2=" " tag="020"><subfield code="a">92-0-100</subfield></datafield><datafield ind1=" " ind2=" " tag="080"><subfield code="a">621.039.003</subfield></datafield><datafield ind1=" " ind2=" " tag="245"><subfield code="a">The nuclear power option</subfield></datafield><datafield ind1=" " ind2=" " tag="260"><subfield code="a">Vienna</subfield><subfield code="b">Iaea</subfield><subfield code="c">1995</subfield></datafield><datafield ind1=" " ind2=" " tag="300"><subfield code="a">763 p</subfield></datafield><datafield ind1=" " ind2=" " tag="852"><subfield code="a">80282</subfield></datafield><datafield ind1=" " ind2=" " tag="CAT"><subfield code="a">SYS</subfield><subfield code="c">20170125</subfield><subfield code="h">171238</subfield></datafield></record></collection>